<record><leader>00000cas a22000007a 4500</leader><controlfield tag="001">12720214</controlfield><controlfield tag="008">851025d18uu1867iauwr ne      0    0eng d</controlfield><datafield ind1=" " ind2=" " tag="010"><subfield code="a">sn 85050952 </subfield></datafield><datafield ind1=" " ind2=" " tag="040"><subfield code="a">INP</subfield><subfield code="b">eng</subfield><subfield code="c">INP</subfield><subfield code="d">NPI</subfield><subfield code="d">OCLCQ</subfield></datafield><datafield ind1=" " ind2=" " tag="042"><subfield code="a">msc</subfield></datafield><datafield ind1="0" ind2="4" tag="245"><subfield code="a">The Hardin sentinel.</subfield></datafield><datafield ind1="1" ind2="3" tag="246"><subfield code="a">Sentinel</subfield><subfield code="f">&lt;Oct. 22, 1862&gt;-Mar. 13, 1867</subfield></datafield><datafield ind1=" " ind2=" " tag="260"><subfield code="a">Eldora, Iowa :</subfield><subfield code="b">Jno. D. Hunter,</subfield><subfield code="c">-1867.</subfield></datafield><datafield ind1=" " ind2=" " tag="300"><subfield code="a">v. :</subfield><subfield code="b">ill. ;</subfield><subfield code="c">55-61 cm.</subfield></datafield><datafield ind1=" " ind2=" " tag="310"><subfield code="a">Weekly</subfield></datafield><datafield ind1="0" ind2=" " tag="362"><subfield code="a">-v. 10, no. 41 (Mar. 13, 1867).</subfield></datafield><datafield ind1=" " ind2=" " tag="500"><subfield code="a">Published in Iowa Falls, Iowa, Dec. 13, 1865-&lt;Mar. 13, 1867&gt;.</subfield></datafield><datafield ind1=" " ind2=" " tag="500"><subfield code="a">Later publisher: M.C. Woodruff, &lt;Dec. 9, 1863&gt;-Mar. 13, 1867.</subfield></datafield><datafield ind1=" " ind2=" " tag="515"><subfield code="a">Suspended Sept.-Oct. 15, 1862; Nov. 16-Dec. 12, 1865.</subfield></datafield><datafield ind1=" " ind2=" " tag="588"><subfield code="a">Description based on: Vol. 6, no. 10 (Mar. 12, 1862).</subfield></datafield><datafield ind1=" " ind2=" " tag="752"><subfield code="a">United States</subfield><subfield code="b">Iowa</subfield><subfield code="c">Hardin</subfield><subfield code="d">Eldora.</subfield></datafield><datafield ind1=" " ind2=" " tag="752"><subfield code="a">United States</subfield><subfield code="b">Iowa</subfield><subfield code="c">Hardin</subfield><subfield code="d">Iowa Falls.</subfield></datafield><datafield ind1="0" ind2="0" tag="780"><subfield code="t">Hardin County sentinel</subfield><subfield code="w">(DLC)sn 85050954</subfield></datafield><datafield ind1="0" ind2="0" tag="785"><subfield code="t">Iowa Falls sentinel</subfield><subfield code="w">(DLC)sn 84027176</subfield></datafield><datafield ind1="1" ind2=" " tag="029"><subfield code="a">AU@</subfield><subfield code="b">000023601685</subfield></datafield></record>